@String {jsr = "J. of Spacecraft and Rockets"}
@String {aa = "Aerospace America"}
@String {Sb = "Space News"}
@String {awst = "Aviation Week \& Space Technology"}
@String {jcp = "J. of Computational Physics"}
@String {ijcfd = "Int. J. of Computational Fluid Dyn."}
@String {ijnme = "Int. J. for Numerical Methods in Engineering"}
@String {acmcs = "{ACM} Computing Surveys"}
@String {acta = "Acta Informatica"}
@String {cacm = "Communications of the {ACM}"}
@String {ibmjrd = "IBM J. of Research and Development"}
@String {ibmsj = "IBM Syst. J."}
@String {ieeese = "{IEEE} Trans. on Software Engineering"}
@String {ieeetc = "{IEEE} Trans. on Computers"}
@String {ieeetac = "{IEEE} Trans. Automat. Contr."}
@String {ieeetcad = "{IEEE} Trans. on Computer-Aided Design of Integrated Circuits"}
@String {ipl = "Information Processing Lett."}
@String {jacm = "J. of the {ACM}"}
@String {jcss = "J. of Computer and System Sci."}
@String {scp = "Science of Computer Programming"}
@String {sicomp = "SIAM J. on Computing"}
@String {tocs = "{ACM} Trans. on Computer Syst."}
@String {tods = "{ACM} Trans. on Database Syst."}
@String {tog = "{ACM} Trans. on Graphics"}
@String {toms = "{ACM} Trans. on Mathematical Software"}
@String {toois = "{ACM} Trans. on Office Information Syst."}
@String {toplas = "{ACM} Trans. on Programming Languages and Syst."}
@String {tcs = "Theoretical Computer Science"}
@String {confcg = "Computer Graphics"}
@String {qam = "Quarterly of Applied Mathematics"}
@String {jrnbs = "J. of Research of the National Bureau of Standards"}
@String {ieeecsm = "{IEEE} Control Syst. Mag."}
@String {ieeetra = "{IEEE} Trans. on Robot. and Autom."}
@String {ieeecdc = "{IEEE} Conf. on Dec. and Contr."}
@String {ieeeicca = "{IEEE} Int. Conf. on Control Appl."}
@String {ieeeisic = "{IEEE} Int. Symposium on Intel. Control"}
@String {ieeeicra = "{IEEE} Int. Conf. on Robot. and Autom."}
@String {ieeemcca = "{IEEE} Mediterranian Conf. on Control and Autom."}
@string {ieeesmc = "{IEEE} Int. Conf. on Sys. Man and Cyber."}
@String {ieeeacc = "American Contr. Conf."}
@String {ieeetcst = "{IEEE} Trans. on Control Syst. Tech."}
@String {ieeeiwirs = "{IEEE}/RSJ Int. Workshop on Intel. Robots and Syst."}
@String {ieeecta = "IET Control Theory and Appl."}
@String {ieeetr = "{IEEE} Trans. on Robot."}
@String {ieeeiros = "{IEEE}/{RSJ} Int. Conf. on Intel. Robots and Syst."}
@String {wac = "World Autom. Congress"}
@String {auto = "Automatica"}
@String {ijrr = "Int. J. of Robot. Research"}
@String {jar = "Auton. Robots"}
@String {jdsmc = "J. of Dynamic Syst., Measurement, and Control"}
@String {jgcd = "J. of Guidance, Control, and Dyn."}
@String {gncc = "J. of Guidance, Control, and Dyn."}
@String {jrs = "J. of Robot. Syst."}
@String {scl = "Syst. and Control Lett."}
@String {icdars = "Int. Symposium on Distributed Auton. Robot. Syst."}
@String {icders = "6th Int. Conf. on Distributed Auton. Robot. Syst. (DSRS02)"}
@String {ifacwc = "{IFAC} World Congress"}
@String {isdars = "Int. Symposium on Distributed Auton. Robot. Syst. (DARS)"}
@String {ieeerasauto = "{IEEE} Robot. and Auton. Syst."}
@String {ieeerashuma = "{IEEE}-{RAS} Humanoid Robots (Humanoids)"}
@String {aiaagncc = "{AIAA} Guidance, Navigation., Control, Conf."}
@String {springermva = "Machine Vision and Applications"}

@mastersthesis{lgos,
	title={Controle de um manipulador rob\'{o}tico leve de 4-DOF com 
software baseado em ROS e QT.},
	author={Silva, L. G. O.},
	year={2017},
	school={Universidade Federal do Rio de Janeiro, Rio de Janeiro, RJ, Brasil},
	type={Graduate dissertation}	
}

@article{merkel2014docker,
  title={Docker: lightweight linux containers for consistent development and deployment},
  author={Merkel, Dirk},
  journal={Linux Journal},
  volume={2014},
  number={239},
  pages={2},
  year={2014}
}

@article{sun2007advanced,
  title={Advanced da Vinci surgical system simulator for surgeon training and operation planning},
  author={Sun, Loi-Wah and Van Meer, Frederick and Schmid, Jerome and Bailly, Yan and Thakre, A Anant and Yeung, Chung Kwong},
  journal={The International Journal of Medical Robotics and Computer Assisted Surgery},
  volume={3},
  number={3},
  pages={245--251},
  year={2007},
  publisher={Wiley Online Library}
}

@article{chitta2012moveit,
  title={Moveit![ROS topics]},
  author={Chitta, Sachin and Sucan, Ioan and Cousins, Steve},
  journal={IEEE Robotics \& Automation Magazine},
  volume={19},
  number={1},
  pages={18--19},
  year={2012},
  publisher={IEEE}
}

@article{borkar2005platform,
  title={Platform 2015: Intel processor and platform evolution for the next decade},
  author={Borkar, Shekhar and Dubey, Pradeep and Kahn, Kevin and Kuck, David and Mulder, Hans and Pawlowski, Steve and Rattner, Justin},
  journal={Technology},
  volume={1},
  year={2005}
}

@article{messerschmitt1999interface,
  title={Interface Definition Language},
  author={Messerschmitt, David G},
  journal={University of California, Oakland CA},
  year={1999}
}

@article{avgeriou2005architectural,
  title={Architectural patterns revisited-a pattern language},
  author={Avgeriou, Paris and Zdun, Uwe},
  year={2005}
}

@article{bloks1996ieee,
  title={The IEEE-1394 high speed serial bus},
  author={Bloks, Rudolf HJ},
  journal={Philips Journal of Research},
  volume={50},
  number={1-2},
  pages={209--216},
  year={1996},
  publisher={Elsevier}
}

@article{beaumont2005scheduling,
  title={Scheduling divisible loads on star and tree networks: results and open problems},
  author={Beaumont, Olivier and Casanova, Henri and Legrand, Arnaud and Robert, Yves and Yang, Yang},
  journal={IEEE Transactions on Parallel and Distributed Systems},
  volume={16},
  number={3},
  pages={207--218},
  year={2005},
  publisher={IEEE}
}

@article{metcalfe1976ethernet,
  title={Ethernet: Distributed packet switching for local computer networks},
  author={Metcalfe, Robert M and Boggs, David R},
  journal={Communications of the ACM},
  volume={19},
  number={7},
  pages={395--404},
  year={1976},
  publisher={ACM}
}

@article{diankov2008openrave,
  title={Openrave: A planning architecture for autonomous robotics},
  author={Diankov, Rosen and Kuffner, James},
  journal={Robotics Institute, Pittsburgh, PA, Tech. Rep. CMU-RI-TR-08-34},
  volume={79},
  year={2008}
}

@article{dubs1960science,
  title={Science and Civilization in China: Volume 2, History of Scientific Thought. By Joseph Needham, FRS, with the research assistance of Wang Ling, Ph. D.(Cambridge University Press. 1956. Pp. xxiv+ 697. Price 80s. net.)},
  author={Dubs, HH},
  journal={Philosophy},
  volume={35},
  number={133},
  pages={167--168},
  year={1960},
  publisher={Cambridge University Press}
}

@article{asimov1942runaround,
  title={Runaround},
  author={Asimov, Isaac},
  journal={Astounding Science Fiction},
  volume={29},
  number={1},
  pages={94--103},
  year={1942}
}

@inproceedings{itkowitz2005openhaptics,
  title={The OpenHaptics/spl trade/toolkit: a library for adding 3D Touch/spl trade/navigation and haptics to graphics applications},
  author={Itkowitz, Brandon and Handley, Josh and Zhu, Weihang},
  booktitle={First Joint Eurohaptics Conference and Symposium on Haptic Interfaces for Virtual Environment and Teleoperator Systems. World Haptics Conference},
  pages={590--591},
  year={2005},
  organization={IEEE}
}

@inproceedings{yanque2016bilateral,
  title={Bilateral teleoperation for uncertain robot manipulators based on the formation control approach},
  author={Yanque, Ivanko and Lizarralde, Fernando and Leite, Antonio C},
  booktitle={2016 IEEE Conference on Control Applications (CCA)},
  pages={911--916},
  year={2016},
  organization={IEEE}
}

@article{daarquitetura,
  title={UMA ARQUITETURA PARA TELEOPERACAO INTEGRANDO INTERFACE NATURAL, REALIMENTACAO DE FORCA E SERVOVISAO},
  author={da Motta-Ribeiro, Gabriel C and Leite, Antonio C and From, P{\aa}l J and Lizarralde, Fernando and Hsu, Liu}
}

@inproceedings{quigley2009ros,
  title={ROS: an open-source Robot Operating System},
  author={Quigley, Morgan and Conley, Ken and Gerkey, Brian and Faust, Josh and Foote, Tully and Leibs, Jeremy and Wheeler, Rob and Ng, Andrew Y},
  booktitle={ICRA workshop on open source software},
  volume={3},
  number={3.2},
  pages={5},
  year={2009},
  organization={Kobe}
}

@inproceedings{mullins2005haptic,
  title={Haptic handwriting aid for training and rehabilitation},
  author={Mullins, James and Mawson, Christopher and Nahavandi, Saeid},
  booktitle={Systems, Man and Cybernetics, 2005 IEEE International Conference on},
  volume={3},
  pages={2690--2694},
  year={2005},
  organization={IEEE}
}

@inproceedings{silva2009phantom,
  title={Phantom omni haptic device: Kinematic and manipulability},
  author={Silva, Alejandro Jarillo and Ramirez, Omar A Dom{\'\i}nguez and Vega, Vicente Parra and Oliver, Jesus P Ordaz},
  booktitle={Electronics, Robotics and Automotive Mechanics Conference, 2009. CERMA'09.},
  pages={193--198},
  year={2009},
  organization={IEEE}
}

@book{siciliano2010robotics,
  title={Robotics: modelling, planning and control},
  author={Siciliano, Bruno and Sciavicco, Lorenzo and Villani, Luigi and Oriolo, Giuseppe},
  year={2010},
  publisher={Springer Science \& Business Media}
}

@misc{ros,
  title = {{Robot Operating System}},
  howpublished = "\url{http://www.ros.org/}",
  note = "[Online; accessed 01-03-2018]",
  year = 2018
}

@misc{geomagictouch,
  title = {{Geomagic Touch}},
  howpublished = "\url{https://br.3dsystems.com/haptics-devices/touch}",
  note = "[Online; accessed 01-03-2018]",
  year = 2018
}

@misc{phantomomni,
  title = {{Phantom Omni}},
  howpublished = "\url{https://www.virtalis.com/wp-content/uploads/phantom_omni_spec.pdf}",
  note = "[Online; accessed 01-March-2018]",
  year = 2018
}

@misc{moveit,
  title = {{MoveIt!}},
  howpublished = "\url{http://moveit.ros.org/}",
  note = "[Online; accessed 01-March-2018]",
  year = 2018
}

@misc{docker,
  title = {{Docker}},
  howpublished = "\url{http://www.docker.com/}",
  note = "[Online; accessed 01-March-2018]",
  year = 2018
}

@misc{libraw1394,
  title = {{libraw1394}},
  howpublished = "\url{http://www.dennedy.org/libraw1394/}",
  note = "[Online; accessed 01-March-2018]",
  year = 2018
}

@misc{eigen,
  title = {{Eigen}},
  howpublished = "\url{http://eigen.tuxfamily.org/}",
  note = "[Online; accessed 01-March-2018]",
  year = 2018
}

@misc{urdfmodel,
  title = {{F. Suárez's Phantom Omni URDF Model}},
  howpublished = "\url{http://fsuarez6.github.io/projects/geomagic-touch-in-ros/#installation}",
  note = "[Online; accessed 01-March-2018]",
  year = 2018
}

@misc{vex,
  title = {{Vex Robotics}},
  howpublished = "\url{https://www.vexrobotics.com/}",
  note = "[Online; accessed 01-March-2018]",
  year = 2018
}

@misc{boost,
  title = {{Boost Libs}},
  howpublished = "\url{http://www.boost.org/}",
  note = "[Online; accessed 01-March-2018]",
  year = 2018
}

@misc{robotwordorigin,
  title = {{Robot word origins}},
  howpublished = "\url{https://web.archive.org/web/20130123023343/http://capek.misto.cz/english/robot.html}",
  note = "[Online; accessed 01-April-2019]",
  year = 2013
}